%%% ====================================================================
%%%  BibTeX-file{
	%%%     author          = "Gerry Murray",
	%%%     version         = "1.2",
	%%%     date            = "2 April 2012",
	%%%     filename        = "acmsmall-sample-bibfile.bib",
	%%%     address         = "ACM, NY",
	%%%     email           = "murray at hq.acm.org",
	%%%     codetable       = "ISO/ASCII",
	%%%     keywords        = "ACM Reference Format, bibliography, citation, references",
	%%%     supported       = "yes",
	%%%     docstring       = "This BibTeX database file contains 'bibdata' entries
	%%%                        that 'match' the examples provided in the Specifications Document
	%%%                        AND, also, 'legacy'-type bibs. It should assist authors in 
	%%%                        choosing the 'correct' at-bibtype and necessary bib-fields
	%%%                        so as to obtain the appropriate ACM Reference Format output. 
	%%%			   It also contains many 'Standard Abbreviations'. "
	%%%  }
%%% ====================================================================

%Entries

@book{aima,
	author 		= "Russell S. J., Norvig P. and Davis E.",
	title 		= "Artificial intelligence: A modern approach",
	journal 	= "",
	publisher 	= "Prentice Hall",
	volume 		= "",
	number 		= "",
	year 		= "2010",
	pages 		= "",
	doi 		= "",
	url			= "",
	note		= "",
}

@article{sertac,
	author 		= "Sertac Karaman",
	title 		= "Soundness and Completeness of State Space Search",
	journal 	= "",
	volume 		= "",
	number 		= "",
	year 		= "2010",
	pages 		= "",
	doi 		= "",
	url			= "https://ocw.mit.edu/courses/aeronautics-and-astronautics/16-410-principles-of-autonomy-and-decision-making-fall-2010/lecture-notes/MIT16\_410F10\_lec04.pdf",
	note		= "",
}

@article{solvable,
	author 		= "Mark Ryan",
	title 		= "Solvability of the tiles Game\\",
	journal 	= "",
	volume 		= "",
	number 		= "",
	year 		= "",
	pages 		= "",
	doi 		= "",
	url			= "https://www.cs.bham.ac.uk/~mdr/teaching/modules04/java2/TilesSolvability.html",
	note		= "",
}

@article{lc,
	author 		= "Othar Hansson, Andrew E. Mayer and Mordechai M. Yung",
	title 		= "Generating Admissible Heuristics by Criticizing Solutions to Relaxed Models",
	journal 	= "",
	volume 		= "",
	number 		= "",
	year 		= "1985",
	pages 		= "",
	doi 		= "10.7916",
	url			= "https://academiccommons.columbia.edu/doi/10.7916/D8154QZT/download",
	note		= "",
}